<?xml version="1.0" encoding="UTF-8"?><collection xmlns="http://www.loc.gov/MARC21/slim"><record><leader>00342nam--2200121-i-4500</leader><controlfield tag="001">000032362</controlfield><controlfield tag="002">20161230</controlfield><controlfield tag="005">20161230201039</controlfield><controlfield tag="008">060222s1000------------r-----000-0-eng-d</controlfield><datafield ind1=" " ind2=" " tag="080"><subfield code="a">001.818:061.6</subfield></datafield><datafield ind1=" " ind2=" " tag="245"><subfield code="a">Ministerio de industria. junta de energia nuclear. memoria: 1966-1967</subfield></datafield><datafield ind1=" " ind2=" " tag="260"><subfield code="a">Madrid, Junta De Energia Nuclear, 1964</subfield></datafield><datafield ind1=" " ind2=" " tag="852"><subfield code="a">20626</subfield></datafield></record></collection>